@article{Dyhrberg2016,
  title={Hedging capabilities of bitcoin. Is it the virtual gold?},
  author={Dyhrberg, Anne Haubo},
  journal={Finance Research Letters},
  volume={16},
  pages={139--144},
  year={2016},
  publisher={Elsevier}
}

@article{Ciaian2016,
  title={The economics of BitCoin price formation},
  author={Ciaian, Pavel and Rajcaniova, Miroslava and Kancs, dâ€™Artis},
  journal={Applied Economics},
  volume={48},
  number={19},
  pages={1799--1815},
  year={2016},
  publisher={Taylor \& Francis}
}


