@article{Dyhrberg2016,
  title={Hedging capabilities of bitcoin. Is it the virtual gold?},
  author={Dyhrberg, Anne Haubo},
  journal={Finance Research Letters},
  volume={16},
  pages={139--144},
  year={2016},
  publisher={Elsevier}
}

@article{Ciaian2016,
  title={The economics of BitCoin price formation},
  author={Ciaian, Pavel and Rajcaniova, Miroslava and Kancs, dâ€™Artis},
  journal={Applied Economics},
  volume={48},
  number={19},
  pages={1799--1815},
  year={2016},
  publisher={Taylor \$ Francis}
}

@article{ADFTesting,
title={Advances in the Analysis of Non-stationary Time
Series: An Illustration of Cointegration and Error
Correction Methods in Research on Crime and
Immigration},
author={Zhiqiu Lin and Augustine Brannigan},
journal={Quality \& Quantity},
volume={37},
pages={151--168},
year={2003},
publisher={Kluwer}
}

@article{samworth2012optimal,
  title={Optimal weighted nearest neighbour classifiers},
  author={Samworth, Richard J and others},
  journal={The Annals of Statistics},
  volume={40},
  number={5},
  pages={2733--2763},
  year={2012},
  publisher={Institute of Mathematical Statistics}
}

@article{lin2006random,
  title={Random forests and adaptive nearest neighbors},
  author={Lin, Yi and Jeon, Yongho},
  journal={Journal of the American Statistical Association},
  volume={101},
  number={474},
  pages={578--590},
  year={2006},
  publisher={Taylor \& Francis}
}


